@article{Ray2016,
author = "Pia Jensen Ray",
title = "{Master's thesis: Structural investigation of La(2-x)Sr(x)CuO(4+y) - Following staging as a function of temperature}",
year = "2016",
month = "2",
url = "https://figshare.com/articles/Structural_investigation_of_La_2_x_Sr_x_CuO_4_y_Following_staging_as_a_function_of_temperature/2075680",
doi = "10.6084/m9.figshare.2075680.v2"
}
@article{PhysRevLett.58.908,
  title = {Superconductivity at 93 K in a new mixed-phase Y-Ba-Cu-O compound system at ambient pressure},
  author = {Wu, M. K. and Ashburn, J. R. and Torng, C. J. and Hor, P. H. and Meng, R. L. and Gao, L. and Huang, Z. J. and Wang, Y. Q. and Chu, C. W.},
  journal = {Phys. Rev. Lett.},
  volume = {58},
  issue = {9},
  pages = {908--910},
  numpages = {0},
  year = {1987},
  month = {Mar},
  publisher = {American Physical Society},
  doi = {10.1103/PhysRevLett.58.908},
  url = {https://link.aps.org/doi/10.1103/PhysRevLett.58.908}
}
@article{drozdov2019superconductivity,
  title={Superconductivity at 250 K in lanthanum hydride under high pressures},
  author={Drozdov, AP and Kong, PP and Minkov, VS and Besedin, SP and Kuzovnikov, MA and Mozaffari, S and Balicas, L and Balakirev, FF and Graf, DE and Prakapenka, VB and others},
  journal={Nature},
  volume={569},
  number={7757},
  pages={528--531},
  year={2019},
  publisher={Nature Publishing Group}
}
@article{drozdov2015conventional,
  title={Conventional superconductivity at 203 kelvin at high pressures in the sulfur hydride system},
  author={Drozdov, AP and Eremets, MI and Troyan, IA and Ksenofontov, Vadim and Shylin, SI},
  journal={Nature},
  volume={525},
  number={7567},
  pages={73--76},
  year={2015},
  publisher={Nature Publishing Group}
}
@article{ge2015possible,
  title={Possible superconductivity approaching ice point},
  author={Ge, Yanfeng and Zhang, Fan and Yao, Yugui},
  journal={arXiv preprint arXiv:1507.08525},
  year={2015}
}
@article{严陆光2014关于发展高温超导输电的建议,
  title={关于发展高温超导输电的建议},
  author={严陆光 and 周孝信 and 甘子钊 and 周远 and others},
  journal={电工电能新技术},
  volume={33},
  number={1},
  pages={1--9},
  year={2014}
}
@phdthesis{孙林煜2012第二代高温超导体研究与在聚变领域应用前景,
  title={第二代高温超导体研究与在聚变领域应用前景},
  author={孙林煜 and 李鹏远},
  year={2012}
}
@article{马衍伟2015实用化超导材料研究进展与展望,
  title={实用化超导材料研究进展与展望},
  author={马衍伟},
  journal={物理},
  volume={44},
  number={10},
  pages={674--683},
  year={2015}
}
@article{肖立业1999超导限流器,
  title={超导限流器── 超导技术产业化的领头产品},
  author={肖立业 and 林良真},
  journal={科技导报},
  volume={17},
  number={9907},
  pages={37--40},
  year={1999}
}
@article{刘文旭2020高温超导磁悬浮技术研究论述,
  title={高温超导磁悬浮技术研究论述},
  author={刘文旭 and 李文龙 and 方进},
  journal={低温与超导},
  number={2},
  pages={9},
  year={2020}
}
@ARTICLE{1643050,
  author={Y. {Luguang}},
  journal={IEEE Transactions on Applied Superconductivity}, 
  title={Progress of the Maglev Transportation in China}, 
  year={2006},
  volume={16},
  number={2},
  pages={1138-1141},
}
@inproceedings{kovalev2005magnetically,
  title={Magnetically levitated high-speed carriages on the basis of bulk HTS elements},
  author={Kovalev, KL and Koneev, SMA and Poltavec, VN and Gawalek, W},
  booktitle={Pro. 8th Intern. Symp. Magn. Susp. Technol.(ISMST'8)},
  pages={51},
  year={2005}
}
@article{沈志云2012在我国建设世界上第一条高温超导磁悬浮列车试运行线的建议,
  title={在我国建设世界上第一条高温超导磁悬浮列车试运行线的建议},
  author={沈志云 and 葛昌纯 and 甘子钊 and 杨叔子 and 熊有伦 and 闻邦椿 and 宋玉泉 and 汪耕 and 刘宝珺 and 经福谦 and others},
  journal={中国科学院院刊},
  number={1},
  pages={28--28},
  year={2012}
}
@article{pan2011influence,
  title={Influence of the Vertical Inclination of Permanent Magnet Guideway on Levitation Characteristics of Hts Maglev System},
  author={Pan, ST and Wang, SY and Jiang, DH and Wang, JS},
  journal={Journal of superconductivity and novel magnetism},
  volume={24},
  number={5},
  pages={1677--1681},
  year={2011},
  publisher={Springer}
}
@article{金之俭2018二代高温超导材料的应用技术与发展综述,
  title={二代高温超导材料的应用技术与发展综述},
  author={金之俭 and 洪智勇 and 赵跃 and 李柱永 and 黄振 and 吴蔚 and 张智巍 and 李小汾 and 姚林朋 and 盛杰},
  journal={上海交通大学学报},
  volume={52},
  number={10},
  pages={1155--1165},
  year={2018}
}
@phdthesis{杨天信2008我国高温超导技术研究现状,
  title={我国高温超导技术研究现状},
  author={杨天信 and 谢毅立 and 胡来平 and 王生旺 and 王贤华},
  year={2008}
}
@phdthesis{林良真2005我国超导技术研究进展及展望,
  title={我国超导技术研究进展及展望},
  author={林良真},
  year={2005}
}